<?xml version='1.0' encoding='UTF-8'?>
<record xmlns="http://www.loc.gov/MARC21/slim">
  <leader>03010cam a2200481 a 4500</leader>
  <controlfield tag="001">1392826</controlfield>
  <controlfield tag="003">NjP</controlfield>
  <controlfield tag="005">20170613155223.0</controlfield>
  <controlfield tag="008">980217s1883    ua            000 0 ara d</controlfield>
  <datafield tag="024" ind1="7" ind2=" ">
    <subfield code="a">princeton_aco002418</subfield>
    <subfield code="2">local</subfield>
  </datafield>
  <datafield ind1=" " ind2=" " tag="035">
    <subfield code="a">(OCoLC)39828541</subfield>
  </datafield>
  <datafield ind1=" " ind2=" " tag="035">
    <subfield code="a">(OCoLC)ocn176594555</subfield>
  </datafield>
  <datafield ind1=" " ind2=" " tag="035">
    <subfield code="a">(OCoLC)176594555</subfield>
  </datafield>
  <datafield ind1=" " ind2=" " tag="035">
    <subfield code="a">(CStRLIN)NJPG98-B10308</subfield>
  </datafield>
  <datafield ind1=" " ind2=" " tag="035">
    <subfield code="9">CED6886TS</subfield>
  </datafield>
  <datafield ind1=" " ind2=" " tag="035">
    <subfield code="a">(NjP)1392826</subfield>
  </datafield>
  <datafield ind1=" " ind2=" " tag="040">
    <subfield code="a">NjP</subfield>
    <subfield code="c">PUL</subfield>
    <subfield code="d">PUL</subfield>
  </datafield>
  <datafield ind1=" " ind2=" " tag="043">
    <subfield code="a">aw-----</subfield>
    <subfield code="a">ff-----</subfield>
  </datafield>
  <datafield ind1=" " ind2=" " tag="049">
    <subfield code="a">PULL</subfield>
  </datafield>
  <datafield ind1=" " ind2=" " tag="079">
    <subfield code="a">ocm39828541</subfield>
  </datafield>
  <datafield ind1="1" ind2=" " tag="100">
    <subfield code="6">880-01</subfield>
    <subfield code="a">Ibn al-Athir, ʻIzz al-Dīn,</subfield>
    <subfield code="d">1160-1233.</subfield>
  </datafield>
  <datafield ind1="1" ind2="0" tag="240">
    <subfield code="6">880-02</subfield>
    <subfield code="a">Tārīkh al-kāmil.</subfield>
    <subfield code="n">Vol. 10</subfield>
  </datafield>
  <datafield ind1="1" ind2="3" tag="245">
    <subfield code="6">880-03</subfield>
    <subfield code="a">al-Juzʼ al-ʻāshir min Tārīkh al-kāmil /</subfield>
    <subfield code="c">li-Abī al-Ḥasan ʻAlī ibn Abī al-Karam Muḥammad ibn Muḥammad ibn ʻAbd al-Karīm ibn ʻAbd al-Wāḥid al-Shaybānī al-maʻrūf bi-Ibn al-Athīr al-Jazarī al-mulaqqab bi-ʻIzz al-Dīn ; wa-bi-hāmishihi al-tārīkh al-musammá ʻĀjāʼib al-Āthār fī al-tarājim wa-al-akhbār / li-ʻAbd al-Raḥmān al-Jabartī al-Ḥanafī.</subfield>
  </datafield>
  <datafield ind1=" " ind2=" " tag="250">
    <subfield code="6">880-04</subfield>
    <subfield code="a">al-Ṭabʻah 1.</subfield>
  </datafield>
  <datafield ind1=" " ind2=" " tag="260">
    <subfield code="6">880-05</subfield>
    <subfield code="a">[Cairo] :</subfield>
    <subfield code="b">al-Maṭbaʻah al-Azharīyah al-Miṣrīyah,</subfield>
    <subfield code="c">1301 [1883 or 1884]</subfield>
  </datafield>
  <datafield ind1=" " ind2=" " tag="300">
    <subfield code="a">13, 293 p. ;</subfield>
    <subfield code="c">27 cm.</subfield>
  </datafield>
  <datafield ind1=" " ind2="0" tag="651">
    <subfield code="a">Islamic Empire</subfield>
    <subfield code="x">History</subfield>
    <subfield code="x">Early works to 1800.</subfield>
  </datafield>
  <datafield ind1=" " ind2="0" tag="651">
    <subfield code="a">Egypt</subfield>
    <subfield code="x">History</subfield>
    <subfield code="x">1517-1882.</subfield>
    <subfield code="0">http://id.loc.gov/authorities/subjects/sh85041297</subfield>
  </datafield>
  <datafield ind1=" " ind2="0" tag="651">
    <subfield code="a">Egypt</subfield>
    <subfield code="x">History</subfield>
    <subfield code="y">French occupation, 1798-1801.</subfield>
    <subfield code="0">http://id.loc.gov/authorities/subjects/sh85041298</subfield>
  </datafield>
  <datafield ind1=" " ind2="0" tag="651">
    <subfield code="a">Egypt</subfield>
    <subfield code="x">History</subfield>
    <subfield code="x">1517-1882</subfield>
    <subfield code="x">Biography.</subfield>
  </datafield>
  <datafield ind1=" " ind2="0" tag="651">
    <subfield code="a">Egypt</subfield>
    <subfield code="x">Biography.</subfield>
    <subfield code="0">http://id.loc.gov/authorities/subjects/sh2008114895</subfield>
  </datafield>
  <datafield ind1="1" ind2="2" tag="700">
    <subfield code="6">880-06</subfield>
    <subfield code="a">Jabartī, ʻAbd al-Raḥmān,</subfield>
    <subfield code="d">1754-1822.</subfield>
    <subfield code="t">ʻĀjāʼib al-Āthār fī al-tarājim wa-al-akhbār.</subfield>
    <subfield code="0">http://id.loc.gov/authorities/names/n79135427</subfield>
  </datafield>
  <datafield ind1="0" ind2=" " tag="740">
    <subfield code="6">880-07</subfield>
    <subfield code="a">ʻĀjāʼib al-Āthār fī al-tarājim wa-al-akhbār.</subfield>
  </datafield>
  <datafield ind1="1" ind2=" " tag="880">
    <subfield code="6">100-01/r</subfield>
    <subfield code="a">ابن الاثر، عز الدين،</subfield>
    <subfield code="d">1160-1233.</subfield>
  </datafield>
  <datafield ind1="1" ind2="0" tag="880">
    <subfield code="6">240-02/r</subfield>
    <subfield code="a">تاريخ الكامل.</subfield>
    <subfield code="n">ڤل. 10</subfield>
  </datafield>
  <datafield ind1="1" ind2="2" tag="880">
    <subfield code="6">245-03/r</subfield>
    <subfield code="a">الجزء العاشر من تاريخ الكامل /</subfield>
    <subfield code="c">لابي الحسن علي بن ابي الكرم محمد بن محمد بن عبد الكريم بن عبد الواحد الشيباني المعروف بابن الاثير الجزري الملقب بعز الدين ؛ وبهامشه التاريخ المسمى عاجائب الاثار في التراجم والاخبار / لعبد الرحمن الجبرتي الحنفي.</subfield>
  </datafield>
  <datafield ind1=" " ind2=" " tag="880">
    <subfield code="6">250-04/r</subfield>
    <subfield code="a">الطبعة 1.</subfield>
  </datafield>
  <datafield ind1=" " ind2=" " tag="880">
    <subfield code="6">260-05/r</subfield>
    <subfield code="a">[القاهرة] :</subfield>
    <subfield code="b">المطبعة الازرية المصرية،</subfield>
    <subfield code="c">1301 [1883 or 1884]</subfield>
  </datafield>
  <datafield ind1="1" ind2="2" tag="880">
    <subfield code="6">700-06/r</subfield>
    <subfield code="a">جبرتي، عبد الرحمن،</subfield>
    <subfield code="d">1754-1822.</subfield>
    <subfield code="t">عاجائب الاثار في التراجم والاخبار.</subfield>
  </datafield>
  <datafield ind1="0" ind2=" " tag="880">
    <subfield code="6">740-07/r</subfield>
    <subfield code="a">عاجائب الاثار في التراجم والاخبار.</subfield>
  </datafield>
  <datafield ind1=" " ind2=" " tag="998">
    <subfield code="a">02/17/98</subfield>
    <subfield code="s">9114</subfield>
    <subfield code="n">NjP</subfield>
    <subfield code="d">02/17/98</subfield>
    <subfield code="c">KC</subfield>
    <subfield code="b">KC</subfield>
    <subfield code="i">980217</subfield>
    <subfield code="l">NJPG</subfield>
  </datafield>
  <datafield ind1=" " ind2=" " tag="911">
    <subfield code="a">19980226</subfield>
  </datafield>
  <datafield ind1=" " ind2=" " tag="912">
    <subfield code="a">19980313063105.0</subfield>
  </datafield>
  <datafield ind1=" " ind2=" " tag="994">
    <subfield code="a">C0</subfield>
    <subfield code="b">PUL</subfield>
  </datafield>
  <datafield ind1=" " ind2=" " tag="999">
    <subfield code="a">1392826</subfield>
  </datafield>
  <datafield ind1="0" ind2="0" tag="852">
    <subfield code="0">1598887</subfield>
    <subfield code="b">nec</subfield>
    <subfield code="t">1</subfield>
    <subfield code="h">DS38.2</subfield>
    <subfield code="i">.I263 1883</subfield>
  </datafield>
  <datafield ind1=" " ind2=" " tag="959">
    <subfield code="a">2000-06-13 00:00:00 -0400</subfield>
  </datafield>
</record>
